<record><leader>00000cas a2200000 a 4500</leader><controlfield tag="001">31159322</controlfield><controlfield tag="008">940922d19161930iluwr ne      0   a0eng c</controlfield><datafield ind1=" " ind2=" " tag="010"><subfield code="a">sn 95054570 </subfield></datafield><datafield ind1=" " ind2=" " tag="040"><subfield code="a">NVF</subfield><subfield code="b">eng</subfield><subfield code="c">NVF</subfield><subfield code="d">CVF</subfield><subfield code="d">NVF</subfield><subfield code="d">OCLCQ</subfield><subfield code="d">OCLCF</subfield><subfield code="d">NVF</subfield><subfield code="d">OCLCO</subfield><subfield code="d">OCL</subfield></datafield><datafield ind1="1" ind2=" " tag="029"><subfield code="a">AU@</subfield><subfield code="b">000011276983</subfield></datafield><datafield ind1=" " ind2=" " tag="042"><subfield code="a">pcc</subfield></datafield><datafield ind1=" " ind2=" " tag="043"><subfield code="a">n-us-il</subfield></datafield><datafield ind1="0" ind2="0" tag="245"><subfield code="a">Libertyville independent.</subfield></datafield><datafield ind1="1" ind2="3" tag="246"><subfield code="a">Lake County independent</subfield></datafield><datafield ind1="1" ind2="3" tag="246"><subfield code="a">Waukegan weekly sun</subfield></datafield><datafield ind1=" " ind2=" " tag="260"><subfield code="a">Libertyville, Lake County, Ill. :</subfield><subfield code="b">W.J. Smith,</subfield><subfield code="c">1916-1930.</subfield></datafield><datafield ind1=" " ind2=" " tag="300"><subfield code="a">v.</subfield></datafield><datafield ind1=" " ind2=" " tag="310"><subfield code="a">Weekly</subfield></datafield><datafield ind1="0" ind2=" " tag="362"><subfield code="a">Vol. 22, no. 32 (Apr. 28, 1916)-</subfield></datafield><datafield ind1="1" ind2=" " tag="362"><subfield code="a">Ceased in 1930.</subfield></datafield><datafield ind1=" " ind2=" " tag="500"><subfield code="a">"Lake County independent" and "Waukegan weekly sun" appear below title on masthead.</subfield></datafield><datafield ind1=" " ind2=" " tag="580"><subfield code="a">Merged with: Lake County register, to form: Independent-register (Libertyville, Ill.).</subfield></datafield><datafield ind1=" " ind2=" " tag="588"><subfield code="a">Latest issue consulted: Dec. 26, 1929.</subfield></datafield><datafield ind1=" " ind2="0" tag="651"><subfield code="a">Libertyville (Ill.)</subfield><subfield code="v">Newspapers.</subfield></datafield><datafield ind1=" " ind2="0" tag="651"><subfield code="a">Lake County (Ill.)</subfield><subfield code="v">Newspapers.</subfield></datafield><datafield ind1=" " ind2="0" tag="651"><subfield code="a">Waukegan (Ill.)</subfield><subfield code="v">Newspapers.</subfield></datafield><datafield ind1=" " ind2="7" tag="655"><subfield code="a">Newspapers.</subfield><subfield code="2">fast</subfield><subfield code="0">(OCoLC)fst01423814</subfield></datafield><datafield ind1=" " ind2="7" tag="651"><subfield code="a">Illinois</subfield><subfield code="z">Lake County.</subfield><subfield code="2">fast</subfield><subfield code="0">(OCoLC)fst01207386</subfield></datafield><datafield ind1=" " ind2="7" tag="651"><subfield code="a">Illinois</subfield><subfield code="z">Libertyville.</subfield><subfield code="2">fast</subfield><subfield code="0">(OCoLC)fst01226543</subfield></datafield><datafield ind1=" " ind2="7" tag="651"><subfield code="a">Illinois</subfield><subfield code="z">Waukegan.</subfield><subfield code="2">fast</subfield><subfield code="0">(OCoLC)fst01202708</subfield></datafield><datafield ind1=" " ind2=" " tag="752"><subfield code="a">United States</subfield><subfield code="b">Illinois</subfield><subfield code="c">Lake</subfield><subfield code="d">Libertyville.</subfield></datafield><datafield ind1="0" ind2="0" tag="780"><subfield code="t">Lake County independent and Waukegan weekly sun</subfield><subfield code="w">(DLC)sn 94054565</subfield><subfield code="w">(OCoLC)31159273</subfield></datafield><datafield ind1="1" ind2="7" tag="785"><subfield code="t">Lake County register</subfield><subfield code="w">(DLC)sn 94060659</subfield><subfield code="w">(OCoLC)31163323</subfield></datafield><datafield ind1="1" ind2="7" tag="785"><subfield code="t">Independent-register (Libertyville, Ill.)</subfield><subfield code="w">(DLC)sn 93057167</subfield><subfield code="w">(OCoLC)28919203</subfield></datafield></record>